<?xml version = "1.0" encoding = "UTF-8"?><OAI-PMH xmlns="http://www.openarchives.org/OAI/2.0/" xmlns:xsi="http://www.w3.org/2001/XMLSchema-instance" xsi:schemaLocation="http://www.openarchives.org/OAI/2.0/ http://www.openarchives.org/OAI/2.0/OAI-PMH.xsd"><ListRecords><record><header><identifier>aleph-publish:020364404</identifier></header><metadata><record xmlns="http://www.ddb.de/professionell/mabxml/mabxml-1.xsd"><leader>00000nM2.01200024------h</leader><controlfield tag="LDR">00000nM2.01200024------h</controlfield><controlfield tag="FMT">MH</controlfield><datafield tag="001" ind1="-" ind2="1"><subfield code="a">HT018239864</subfield></datafield><datafield tag="002" ind1="b" ind2="1"><subfield code="a">20140423</subfield></datafield><datafield tag="003" ind1="-" ind2="1"><subfield code="a">20191223180000.0</subfield></datafield><datafield tag="020" ind1="a" ind2="1"><subfield code="a">1047159678</subfield><subfield code="b">DNB</subfield></datafield><datafield tag="025" ind1="o" ind2="1"><subfield code="a">894714358</subfield></datafield><datafield tag="025" ind1="a" ind2="1"><subfield code="a">1047159678</subfield></datafield><datafield tag="026" ind1="-" ind2="1"><subfield code="a">DNB1047159678</subfield></datafield><controlfield tag="030">a|1ua||||||17</controlfield><datafield tag="036" ind1="a" ind2="1"><subfield code="a">DE</subfield></datafield><datafield tag="037" ind1="b" ind2="1"><subfield code="a">ger</subfield></datafield><controlfield tag="050">a|a|||||||||||</controlfield><controlfield tag="051">sy||||||</controlfield><datafield tag="070" ind1="-" ind2="1"><subfield code="a">61</subfield></datafield><datafield tag="070" ind1="a" ind2="1"><subfield code="a">DNB</subfield></datafield><datafield tag="070" ind1="b" ind2="1"><subfield code="a">82</subfield></datafield><datafield tag="078" ind1="n" ind2="1"><subfield code="a">NWBib-61</subfield></datafield><datafield tag="080" ind1="-" ind2="1"><subfield code="a">60</subfield></datafield><datafield tag="100" ind1="-" ind2="1"><subfield code="p">Kennedy, Beate</subfield></datafield><datafield tag="331" ind1="-" ind2="1"><subfield code="a">Irmgard Keun: Zeit und Zitat</subfield></datafield><datafield tag="335" ind1="-" ind2="1"><subfield code="a">narrative Verfahren und literarische Autorschaft im Gesamtwerk</subfield></datafield><datafield tag="359" ind1="-" ind2="1"><subfield code="a">Beate Kennedy</subfield></datafield><datafield tag="410" ind1="-" ind2="1"><subfield code="a">Berlin [u.a.]</subfield></datafield><datafield tag="412" ind1="-" ind2="1"><subfield code="a">de Gruyter</subfield></datafield><datafield tag="425" ind1="a" ind2="1"><subfield code="a">2014</subfield></datafield><datafield tag="433" ind1="-" ind2="1"><subfield code="a">517 S. : Ill.</subfield></datafield><datafield tag="451" ind1="-" ind2="1"><subfield code="a">Deutsche Literatur - Studien und Quellen ; 17</subfield></datafield><datafield tag="453" ind1="-" ind2="1"><subfield code="a">HT016777884</subfield></datafield><datafield tag="455" ind1="-" ind2="1"><subfield code="a">17</subfield></datafield><datafield tag="456" ind1="-" ind2="1"><subfield code="a">17</subfield></datafield><datafield tag="519" ind1="-" ind2="1"><subfield code="p">Zugl.</subfield><subfield code="a">Göttingen, Univ., Diss., 2013</subfield></datafield><datafield tag="527" ind1="z" ind2="1"><subfield code="p">Online-Ausg.</subfield><subfield code="a">Irmgard Keun: Zeit und Zitat</subfield><subfield code="9">HT018198250</subfield></datafield><datafield tag="540" ind1="a" ind2="1"><subfield code="a">978-3-05-006464-2</subfield><subfield code="b">Pp. : EUR 99.80</subfield></datafield><datafield tag="540" ind1="a" ind2="1"><subfield code="a">978-3-05-010302-0</subfield><subfield code="b">(Buch + E-Book) : EUR 149.95</subfield></datafield><datafield tag="540" ind1="a" ind2="1"><subfield code="a">3-05-006464-1</subfield></datafield><datafield tag="553" ind1="a" ind2="1"><subfield code="a">9783050064642</subfield></datafield><datafield tag="574" ind1="-" ind2="1"><subfield code="a">14,N07</subfield></datafield><datafield tag="655" ind1="e" ind2="1"><subfield code="m">X:MVB</subfield><subfield code="q">text/html</subfield><subfield code="u">http://deposit.d-nb.de/cgi-bin/dokserv?id=4584991&amp;prov=M&amp;dok_var=1&amp;dok_ext=htm</subfield><subfield code="3">Inhaltstext</subfield><subfield code="A">2</subfield></datafield><datafield tag="655" ind1="e" ind2="1"><subfield code="m">B:DE-101</subfield><subfield code="q">application/pdf</subfield><subfield code="u">http://digitale-objekte.hbz-nrw.de/storage2/2014/09/06/file_17/5764417.pdf</subfield><subfield code="3">Inhaltsverzeichnis</subfield><subfield code="A">2</subfield></datafield><datafield tag="673" ind1="c" ind2="1"><subfield code="a">Göttingen</subfield><subfield code="9">(DE-588)4021477-1</subfield></datafield><datafield tag="700" ind1="l" ind2="1"><subfield code="a">200</subfield></datafield><datafield tag="700" ind1="-" ind2="1"><subfield code="a">400</subfield></datafield><datafield tag="700" ind1="n" ind2="1"><subfield code="a">Köln</subfield><subfield code="0">https://nwbib.de/spatial#Q365</subfield></datafield><datafield tag="700" ind1="n" ind2="1"><subfield code="a">Einzelne Autoren (Sekundärliteratur)</subfield><subfield code="0">https://nwbib.de/subjects#N768030</subfield></datafield><datafield tag="776" ind1="-" ind2="1"><subfield code="i">Erscheint auch als</subfield><subfield code="n">Online-Ausgabe</subfield><subfield code="z">978-3-05-006537-3</subfield></datafield><datafield tag="776" ind1="-" ind2="1"><subfield code="i">Erscheint auch als</subfield><subfield code="n">Online-Ausgabe</subfield><subfield code="z">978-3-11-040128-8</subfield></datafield><datafield tag="902" ind1="-" ind2="1"><subfield code="p">Keun, Irmgard</subfield><subfield code="d">1905-1982</subfield><subfield code="9">(DE-588)118722123</subfield></datafield><datafield tag="902" ind1="-" ind2="1"><subfield code="s">Erzähltheorie</subfield><subfield code="9">(DE-588)4152975-3</subfield></datafield><controlfield tag="SYS">020364404</controlfield><datafield tag="LOW" ind1="-" ind2="1"><subfield code="a">B0001</subfield></datafield><datafield tag="LOW" ind1="-" ind2="1"><subfield code="a">R0003</subfield></datafield><datafield tag="LOW" ind1="-" ind2="1"><subfield code="a">Q0001</subfield></datafield><datafield tag="952" ind1="-" ind2="1"><subfield code="p">Kojn, Irmgard</subfield><subfield code="d">1905-1982</subfield></datafield><datafield tag="952" ind1="-" ind2="1"><subfield code="p">Ḳoyn, Irmgard</subfield><subfield code="d">1905-1982</subfield></datafield><datafield tag="952" ind1="-" ind2="1"><subfield code="p">Keina, Irmgarde</subfield><subfield code="d">1905-1982</subfield></datafield><datafield tag="952" ind1="-" ind2="1"><subfield code="p">Keun, Irmgard Charlotte</subfield><subfield code="d">1905-1982</subfield></datafield><datafield tag="952" ind1="-" ind2="1"><subfield code="p">Tralow, Irmgard Charlotte</subfield><subfield code="d">1905-1982</subfield></datafield><datafield tag="952" ind1="-" ind2="1"><subfield code="p">Koin, Irumugaruto</subfield><subfield code="d">1905-1982</subfield></datafield><datafield tag="952" ind1="-" ind2="1"><subfield code="p">Kejn, Irmgard</subfield><subfield code="d">1905-1982</subfield></datafield><datafield tag="952" ind1="-" ind2="1"><subfield code="U">Hebr</subfield><subfield code="p">קוין, אירמגרד</subfield><subfield code="d">1905-1982</subfield></datafield><datafield tag="952" ind1="-" ind2="1"><subfield code="U">Cyrl</subfield><subfield code="p">Койн, Ирмгард</subfield><subfield code="d">1905-1982</subfield></datafield><datafield tag="952" ind1="-" ind2="1"><subfield code="s">Narratologie</subfield></datafield><datafield tag="088" ind1=" " ind2=" "><subfield code="a">294</subfield><subfield code="b">00000024</subfield><subfield code="c">IFB10325-17</subfield><subfield code="e">ILL Ausleihe</subfield></datafield><datafield tag="088" ind1=" " ind2=" "><subfield code="a">107</subfield><subfield code="b">00001000</subfield><subfield code="c">115-289</subfield><subfield code="e">ILL Ausleihe</subfield></datafield><datafield tag="088" ind1=" " ind2=" "><subfield code="a">5</subfield><subfield code="b">00000010</subfield><subfield code="c">2015/1330</subfield><subfield code="e">ILL Ausleihe</subfield></datafield><datafield tag="088" ind1=" " ind2=" "><subfield code="a">82</subfield><subfield code="c">22:GM 4140 0001</subfield><subfield code="e">keine Angabe</subfield></datafield><datafield tag="088" ind1=" " ind2=" "><subfield code="a">61</subfield><subfield code="b">01</subfield><subfield code="c">gerw53954.k35</subfield><subfield code="e">Ausleihbestand</subfield></datafield><datafield tag="088" ind1=" " ind2=" "><subfield code="a">385</subfield><subfield code="c">nc59566</subfield><subfield code="e">Normalausleihe</subfield></datafield><datafield tag="088" ind1=" " ind2=" "><subfield code="a">465</subfield><subfield code="b">E11</subfield><subfield code="c">CQWK3670</subfield><subfield code="e">Dauerausleihe</subfield></datafield><datafield tag="088" ind1=" " ind2=" "><subfield code="a">466</subfield><subfield code="c">CQWK5664</subfield><subfield code="e">keine Angabe</subfield></datafield><datafield tag="088" ind1=" " ind2=" "><subfield code="a">465</subfield><subfield code="b">E11</subfield><subfield code="c">CQWK3670</subfield><subfield code="e">Dauerausleihe</subfield></datafield><datafield tag="088" ind1=" " ind2=" "><subfield code="a">82/609</subfield><subfield code="c">609:5.5 KEU 7 KEN</subfield><subfield code="e">keine Angabe</subfield></datafield><datafield tag="088" ind1=" " ind2=" "><subfield code="a">467</subfield><subfield code="c">11CQWK6864</subfield><subfield code="e">keine Angabe</subfield></datafield></record></metadata></record></ListRecords></OAI-PMH>